<collection xmlns="http://www.loc.gov/MARC21/slim">
<record>
  <leader>00776nam0a2200205 i 450 </leader>
  <controlfield tag="001">IT\ICCU\CNCE\003044</controlfield>
  <controlfield tag="005">20091202000000.0</controlfield>
  <datafield tag="012" ind1=" " ind2=" ">
    <subfield code="a">nene i-i, o,ra Vima (C) 1579 (R)</subfield>
    <subfield code="2">fei</subfield>
  </datafield>
  <datafield tag="100" ind1=" " ind2=" ">
    <subfield code="a">19970101d1579        0itac0103    ba</subfield>
  </datafield>
  <datafield tag="101" ind1=" " ind2=" ">
    <subfield code="a">ITA</subfield>
  </datafield>
  <datafield tag="102" ind1=" " ind2=" ">
    <subfield code="a">IT</subfield>
  </datafield>
  <datafield tag="200" ind1="1" ind2=" ">
    <subfield code="a">Discorso di Gio. Francesco Arma di Chiavasso  del sereniss. et inuictiss. Emanuele Philiberto duca di Sauoia medico che il pane fatto col decotto del riso non sij sano</subfield>
  </datafield>
  <datafield tag="210" ind1=" " ind2=" ">
    <subfield code="a">In Turino </subfield>
    <subfield code="d">1579</subfield>
  </datafield>
  <datafield tag="215" ind1=" " ind2=" ">
    <subfield code="a">\6! c.</subfield>
    <subfield code="d">4ʻ</subfield>
  </datafield>
  <datafield tag="620" ind1=" " ind2=" ">
    <subfield code="a">IT</subfield>
    <subfield code="d">Torino</subfield>
  </datafield>
  <datafield tag="700" ind1=" " ind2="1">
    <subfield code="a">Arma,</subfield>
    <subfield code="b">Giovanni Francesco</subfield>
    <subfield code="3">IT\ICCU\CNCA\000878</subfield>
  </datafield>
  <datafield tag="712" ind1="0" ind2="2">
    <subfield code="a">s.n.</subfield>
    <subfield code="3">IT\ICCU\CNCT\000002</subfield>
    <subfield code="4">650</subfield>
  </datafield>
  <datafield tag="801" ind1=" " ind2="3">
    <subfield code="a">IT</subfield>
    <subfield code="b">ICCU</subfield>
    <subfield code="c">20201113</subfield>
  </datafield>
  <datafield tag="899" ind1=" " ind2=" ">
    <subfield code="a">Biblioteca comunale Ariostea. Ferrara</subfield>
    <subfield code="1">FE0017</subfield>
    <subfield code="2">UFE AR</subfield>
  </datafield>
  <datafield tag="899" ind1=" " ind2=" ">
    <subfield code="a">Biblioteca Reale. Torino</subfield>
    <subfield code="1">TO0263</subfield>
    <subfield code="2">TO0 07</subfield>
  </datafield>
</record>
</collection>
